%%%%%%%%%%%%%%%%%%%%
%by Goh %%%%%%%%%%%%%%%

@article{tibshirani1996regression,
  title={Regression shrinkage and selection via the lasso},
  author={Tibshirani, Robert},
  journal={Journal of the Royal Statistical Society. Series B (Statistical Methodology)},
  pages={267--288},
  volume={58},
  number={1},
  year={1996},
  publisher={JSTOR}
}

@article{fan2001variable,
  title={Variable selection via nonconcave penalized likelihood and its oracle properties},
  author={Fan, Jianqing and Li, Runze},
  journal={Journal of the American statistical Association},
  volume={96},
  number={456},
  pages={1348--1360},
  year={2001},
  publisher={Taylor \& Francis}
}


@article{zou2005regularization,
  title={Regularization and variable selection via the elastic net},
  author={Zou, Hui and Hastie, Trevor},
  journal={Journal of the Royal Statistical Society: Series B (Statistical Methodology)},
  volume={67},
  number={2},
  pages={301--320},
  year={2005},
  publisher={Wiley Online Library}
}

@article{zhang2010nearly,
  title={Nearly unbiased variable selection under minimax concave penalty},
  author={Zhang, Cun-Hui},
  journal={The Annals of Statistics},
  volume={38},
  number={2},
  pages={894--942},
  year={2010},
  publisher={Institute of Mathematical Statistics}
}

@article{hocking1967selection,
  title={Selection of the best subset in regression analysis},
  author={Hocking, R R and Leslie, R N},
  journal={Technometrics},
  volume={9},
  number={4},
  pages={531--540},
  year={1967},
  publisher={Taylor \& Francis Group}
}


@article{bertsimas2016best,
  title={Best subset selection via a modern optimization lens},
  author={Bertsimas, D and King, A and Mazumder, R},
  journal={The Annals of Statistics},
  volume={44},
  number={2},
  pages={813--852},
  year={2016},
  publisher={Institute of Mathematical Statistics}
}

@article{liang:2013bayesian,
  title={Bayesian subset modeling for high-dimensional generalized linear models},
  author={Faming Liang and Qifan Song and Kai Yu},
  journal={Journal of the American Statistical Association},
  volume={108},
  number={502},
  pages={589--606},
  year={2013},
  publisher={Taylor \& Francis}
}

@article{liang2007stochastic,
  title={Stochastic approximation in {M}onte {C}arlo computation},
  author={Liang, Faming and Liu, Chuanhai and Carroll, Raymond J},
  journal={Journal of the American Statistical Association},
  volume={102},
  number={477},
  pages={305--320},
  year={2007},
  publisher={Taylor \& Francis}
}

@article{chen2008extended,
  title={Extended {B}ayesian information criteria for model selection with large model spaces},
  author={Chen, Jiahua and Chen, Zehua},
  journal={Biometrika},
  volume={95},
  number={3},
  pages={759--771},
  year={2008},
  publisher={Oxford University Press}
}


@article{kass1995,
  title={Bayes factors},
  author={Kass, Robert E and Raftery, Adrian E},
  journal={Journal of the American Statistical Association},
  volume={90},
  number={430},
  pages={773--795},
  year={1995},
  publisher={Taylor \& Francis}
}

@article{kirkpatrick1983optimization,
  title={Optimization by simulated annealing},
  author={Kirkpatrick, Scott and Gelatt, C Daniel and Vecchi, Mario P},
  journal={Science},
  volume={220},
  number={4598},
  pages={671--680},
  year={1983},
  publisher={American Association for the Advancement of Science}
}


@article{george1993variable,
  title={Variable selection via {G}ibbs sampling},
  author={George, Edward I and McCulloch, Robert E},
  journal={Journal of the American Statistical Association},
  volume={88},
  number={423},
  pages={881--889},
  year={1993},
  publisher={Taylor \& Francis}
}


@article{hans2007shotgun,
  title={Shotgun stochastic search for ``large p'' regression},
  author={Hans, Chris and Dobra, Adrian and West, Mike},
  journal={Journal of the American Statistical Association},
  volume={102},
  number={478},
  pages={507--516},
  year={2007},
  publisher={Taylor \& Francis}
}


@article{findlay2018accurate,
  title={Accurate classification of {BRCA1} variants with saturation genome editing},
  author={Findlay, Gregory M and Daza, Riza M and Martin, Beth and Zhang, Melissa D and Leith, Anh P and Gasperini, Molly and Janizek, Joseph D and Huang, Xingfan and Starita, Lea M and Shendure, Jay},
  journal={Nature},
  volume={562},
  number={7726},
  pages={217--222},
  year={2018},
  publisher={Nature Publishing Group}
}

@article{schwarz1978,
author = "Schwarz, Gideon",
journal = "The Annals of Statistics",
number = "2",
pages = "461--464",
publisher = "The Institute of Mathematical Statistics",
title = "Estimating the Dimension of a Model",
volume = "6",
year = "1978"
}

@article{madigan1995bayesian,
  title={Bayesian graphical models for discrete data},
  author={Madigan, David and York, Jeremy},
  journal={International Statistical Review},  
  volume={63},
  number={2},
  pages={215--232},
  year={1995},
  publisher={JSTOR}
}