@Manual{Ramos2019,
    title = {curatedTCGAData: Curated Data From The Cancer Genome Atlas (TCGA) as
MultiAssayExperiment Objects},
    author = {Marcel Ramos},
    year = {2019},
    note = {R package version 1.4.3},
  }

@article{tibshirani1996regression,
  title={Regression shrinkage and selection via the lasso},
  author={Tibshirani, Robert},
  journal={Journal of the Royal Statistical Society. Series B (Methodological)},
  pages={267--288},
  year={1996},
  publisher={JSTOR}
}

@article{fan2001variable,
  title={Variable selection via nonconcave penalized likelihood and its oracle properties},
  author={Fan, Jianqing and Li, Runze},
  journal={Journal of the American statistical Association},
  volume={96},
  number={456},
  pages={1348--1360},
  year={2001},
  publisher={Taylor \& Francis}
}

@article{zou2005regularization,
  title={Regularization and variable selection via the elastic net},
  author={Zou, Hui and Hastie, Trevor},
  journal={Journal of the Royal Statistical Society: Series B (Statistical Methodology)},
  volume={67},
  number={2},
  pages={301--320},
  year={2005},
  publisher={Wiley Online Library}
}

@article{zhang2010nearly,
  title={Nearly unbiased variable selection under minimax concave penalty},
  author={Zhang, Cun-Hui and others},
  journal={The Annals of statistics},
  volume={38},
  number={2},
  pages={894--942},
  year={2010},
  publisher={Institute of Mathematical Statistics}
}

@article{hans2007shotgun,
  title={Shotgun stochastic search for ``large p'' regression},
  author={Hans, Chris and Dobra, Adrian and West, Mike},
  journal={Journal of the American Statistical Association},
  volume={102},
  number={478},
  pages={507--516},
  year={2007},
  publisher={Taylor \& Francis}
}

@article{hocking1967selection,
  title={Selection of the best subset in regression analysis},
  author={Hocking, RR and Leslie, RN},
  journal={Technometrics},
  volume={9},
  number={4},
  pages={531--540},
  year={1967},
  publisher={Taylor \& Francis Group}
}

@article{bertsimas2016best,
  title={Best subset selection via a modern optimization lens},
  author={Bertsimas, Dimitris and King, Angela and Mazumder, Rahul and others},
  journal={The annals of statistics},
  volume={44},
  number={2},
  pages={813--852},
  year={2016},
  publisher={Institute of Mathematical Statistics}
}

@article{liang2013bayesian,
  title={Bayesian subset modeling for high-dimensional generalized linear models},
  author={Liang, Faming and Song, Qifan and Yu, Kai},
  journal={Journal of the American Statistical Association},
  volume={108},
  number={502},
  pages={589--606},
  year={2013},
  publisher={Taylor \& Francis}
}

@article{liang2007stochastic,
  title={Stochastic approximation in Monte Carlo computation},
  author={Liang, Faming and Liu, Chuanhai and Carroll, Raymond J},
  journal={Journal of the American Statistical Association},
  volume={102},
  number={477},
  pages={305--320},
  year={2007},
  publisher={Taylor \& Francis}
}

@article{hoerl1970ridge,
  title={Ridge regression: Biased estimation for nonorthogonal problems},
  author={Hoerl, Arthur E and Kennard, Robert W},
  journal={Technometrics},
  volume={12},
  number={1},
  pages={55--67},
  year={1970},
  publisher={Taylor \& Francis Group}
}

@article{chen2008extended,
  title={Extended Bayesian information criteria for model selection with large model spaces},
  author={Chen, Jiahua and Chen, Zehua},
  journal={Biometrika},
  volume={95},
  number={3},
  pages={759--771},
  year={2008},
  publisher={Oxford University Press}
}

@article{kass1995,
  title={Bayes factors},
  author={Kass, Robert E and Raftery, Adrian E},
  journal={Journal of the American Statistical Association},
  volume={90},
  number={430},
  pages={773--795},
  year={1995},
  publisher={Taylor \& Francis}
}

@article{kuchenbaecker2017risks,
  title={Risks of breast, ovarian, and contralateral breast cancer for BRCA1 and BRCA2 mutation carriers},
  author={Kuchenbaecker, Karoline B and Hopper, John L and Barnes, Daniel R and Phillips, Kelly-Anne and Mooij, Thea M and Roos-Blom, Marie-Jos{\'e} and Jervis, Sarah and Van Leeuwen, Flora E and Milne, Roger L and Andrieu, Nadine and others},
  journal={JAMA},
  volume={317},
  number={23},
  pages={2402--2416},
  year={2017},
  publisher={American Medical Association}
}


@article{findlay2018accurate,
  title={Accurate classification of BRCA1 variants with saturation genome editing},
  author={Findlay, Gregory M and Daza, Riza M and Martin, Beth and Zhang, Melissa D and Leith, Anh P and Gasperini, Molly and Janizek, Joseph D and Huang, Xingfan and Starita, Lea M and Shendure, Jay},
  journal={Nature},
  volume={562},
  number={7726},
  pages={217},
  year={2018},
  publisher={Nature Publishing Group}
}
